% Survey article about SM data usefulness
@article{alahakoon2016smart,
  title={Smart electricity meter data intelligence for future energy systems: A survey},
  author={Alahakoon, Damminda and Yu, Xinghuo},
  journal={IEEE Transactions on Industrial Informatics},
  volume={12},
  number={1},
  pages={425--436},
  year={2016},
  publisher={IEEE}
}

% Good paper with Particle Swarm Optimisation method for impedance estimation.
@article{han2016automated,
  title={An Automated Impedance Estimation Method in Low-Voltage Distribution Network for Coordinated Voltage Regulation},
  author={Han, Sekyung and Kodaira, Daisuke and Han, Soohee and Kwon, Bokyu and Hasegawa, Yasuo and Aki, Hirohisa},
  journal={IEEE Transactions on Smart Grid},
  volume={7},
  number={2},
  pages={1012--1020},
  year={2016},
  publisher={IEEE}
}

% About PMU: cost, features etc.
@article{de2010synchronized,
  title={Synchronized phasor measurement applications in power systems},
  author={De La Ree, Jaime and Centeno, Virgilio and Thorp, James S and Phadke, Arun G},
  journal={IEEE Transactions on Smart Grid},
  volume={1},
  number={1},
  pages={20--27},
  year={2010},
  publisher={IEEE}
}

@inproceedings{abdel2012low,
  title={Low voltage system state estimation using smart meters},
  author={Abdel-Majeed, Ahmad and Braun, Martin},
  booktitle={Universities Power Engineering Conference (UPEC), 2012 47th International},
  pages={1--6},
  year={2012},
  organization={IEEE}
}

@inproceedings{mokhtar2018automated,
  title={Automated Verification of LV Network Topologies},
  author={Mokhtar, Maizura and Robu, Valentin and Flynn, David and Higgins, Ciaran and Whyte, Jim and Fulton, Fiona},
  booktitle={2018 IEEE PES Innovative Smart Grid Technologies Conference Europe (ISGT-Europe)},
  pages={1--6},
  year={2018},
  organization={IEEE}
}

@techreport{NMI_au,
    author    = {NMI},
    title     = {M 6-1 Electricity Meters, Part 1: Metrological and Technical Requirements},
    institution = {National Measurement Institute, Australia},
    year      = {2012}
}

@inproceedings{von2014micro,
  title={Micro-synchrophasors for distribution systems.},
  author={von Meier, Alexandra and Culler, David E and McEachern, Alex},
  booktitle={PES Innovative Smart Grid Technologies Conference},
  pages={1--5},
  year={2014},
  month={Feb},
  organization={IEEE}
}


@techreport{peppanen2015distribution,
  title={{Distribution System Secondary Circuit Parameter Estimation for Model Calibration}},
  author={Peppanen, Jouni and Reno, Matthew J and Broderick, Robert Joseph and Grijalva, Santiago},
  year={2015},
  institution={Sandia National Lab.(SNL-NM), Albuquerque, NM (United States)}
}


@inproceedings{iakovlev2018fixed,
  title={Fixed-Point Algorithm for Identification of Line Impedances in Low Voltage Power Networks Based on Smart Meter Data},
  author={Iakovlev, Sergey and Evans, Robin J and Mareels, Iven},
  booktitle={2018 IEEE Conference on Decision and Control (CDC)},
  pages={6047--6052},
  year={2018},
  organization={IEEE}
}

@article{iakovlev2018low,
  title={Low-Voltage Distribution Network Impedances Identification Based on Smart Meter Data},
  author={Iakovlev, Sergey and Evans, Robin J and Mareels, Iven},
  journal={arXiv preprint arXiv:1809.06657},
  year={2018}
}

@inproceedings{iakovlev2019multi,
  title={{Multi-frequency Array Beam-forming}},
  author={Iakovlev, Sergey and Evans, Robin J and Moran, Willam},
  booktitle={2019 IEEE International Symposium on Phased Array Systems and Technology (PAST)},
  year={2019},
  organization={IEEE}
}

@article{wang2018sparse,
  title={Sparse transmit array design for dual-function radar communications by antenna selection},
  author={Wang, Xiangrong and Hassanien, Aboulnasr and Amin, Moeness G},
  journal={Digital Signal Processing},
  volume={83},
  pages={223--234},
  year={2018},
  publisher={Elsevier}
}
